%YAML 1.1
%TAG !u! tag:unity3d.com,2011:
--- !u!1 &234938452528692270
GameObject:
  m_ObjectHideFlags: 0
  m_CorrespondingSourceObject: {fileID: 0}
  m_PrefabInstance: {fileID: 0}
  m_PrefabAsset: {fileID: 0}
  serializedVersion: 6
  m_Component:
  - component: {fileID: 3248915727611192801}
  - component: {fileID: 2305683699941219526}
  m_Layer: 5
  m_Name: Buttons
  m_TagString: Untagged
  m_Icon: {fileID: 0}
  m_NavMeshLayer: 0
  m_StaticEditorFlags: 0
  m_IsActive: 1
--- !u!224 &3248915727611192801
RectTransform:
  m_ObjectHideFlags: 0
  m_CorrespondingSourceObject: {fileID: 0}
  m_PrefabInstance: {fileID: 0}
  m_PrefabAsset: {fileID: 0}
  m_GameObject: {fileID: 234938452528692270}
  m_LocalRotation: {x: 0, y: 0, z: 0, w: 1}
  m_LocalPosition: {x: 0, y: 0, z: 0}
  m_LocalScale: {x: 1, y: 1, z: 1}
  m_Children:
  - {fileID: 1986427860349725082}
  m_Father: {fileID: 3507071909624709264}
  m_RootOrder: 1
  m_LocalEulerAnglesHint: {x: 0, y: 0, z: 0}
  m_AnchorMin: {x: 1, y: 0}
  m_AnchorMax: {x: 1, y: 1}
  m_AnchoredPosition: {x: 0, y: 0}
  m_SizeDelta: {x: 100, y: 0}
  m_Pivot: {x: 1, y: 0.5}
--- !u!114 &2305683699941219526
MonoBehaviour:
  m_ObjectHideFlags: 0
  m_CorrespondingSourceObject: {fileID: 0}
  m_PrefabInstance: {fileID: 0}
  m_PrefabAsset: {fileID: 0}
  m_GameObject: {fileID: 234938452528692270}
  m_Enabled: 1
  m_EditorHideFlags: 0
  m_Script: {fileID: -405508275, guid: f70555f144d8491a825f0804e09c671c, type: 3}
  m_Name: 
  m_EditorClassIdentifier: 
  m_Padding:
    m_Left: 0
    m_Right: 2
    m_Top: 1
    m_Bottom: 1
  m_ChildAlignment: 5
  m_Spacing: 2
  m_ChildForceExpandWidth: 0
  m_ChildForceExpandHeight: 1
  m_ChildControlWidth: 0
  m_ChildControlHeight: 1
--- !u!1 &381648189105740473
GameObject:
  m_ObjectHideFlags: 0
  m_CorrespondingSourceObject: {fileID: 0}
  m_PrefabInstance: {fileID: 0}
  m_PrefabAsset: {fileID: 0}
  serializedVersion: 6
  m_Component:
  - component: {fileID: 244523433774473114}
  - component: {fileID: 2588277158084815562}
  - component: {fileID: 1000650046432253379}
  m_Layer: 5
  m_Name: Text
  m_TagString: Untagged
  m_Icon: {fileID: 0}
  m_NavMeshLayer: 0
  m_StaticEditorFlags: 0
  m_IsActive: 1
--- !u!224 &244523433774473114
RectTransform:
  m_ObjectHideFlags: 0
  m_CorrespondingSourceObject: {fileID: 0}
  m_PrefabInstance: {fileID: 0}
  m_PrefabAsset: {fileID: 0}
  m_GameObject: {fileID: 381648189105740473}
  m_LocalRotation: {x: 0, y: 0, z: 0, w: 1}
  m_LocalPosition: {x: 0, y: 0, z: 0}
  m_LocalScale: {x: 1, y: 1, z: 1}
  m_Children: []
  m_Father: {fileID: 3507071909624709264}
  m_RootOrder: 0
  m_LocalEulerAnglesHint: {x: 0, y: 0, z: 0}
  m_AnchorMin: {x: 0, y: 0}
  m_AnchorMax: {x: 1, y: 1}
  m_AnchoredPosition: {x: 0, y: 0}
  m_SizeDelta: {x: -2, y: -2}
  m_Pivot: {x: 0.5, y: 0.5}
--- !u!222 &2588277158084815562
CanvasRenderer:
  m_ObjectHideFlags: 0
  m_CorrespondingSourceObject: {fileID: 0}
  m_PrefabInstance: {fileID: 0}
  m_PrefabAsset: {fileID: 0}
  m_GameObject: {fileID: 381648189105740473}
  m_CullTransparentMesh: 0
--- !u!114 &1000650046432253379
MonoBehaviour:
  m_ObjectHideFlags: 0
  m_CorrespondingSourceObject: {fileID: 0}
  m_PrefabInstance: {fileID: 0}
  m_PrefabAsset: {fileID: 0}
  m_GameObject: {fileID: 381648189105740473}
  m_Enabled: 1
  m_EditorHideFlags: 0
  m_Script: {fileID: 708705254, guid: f70555f144d8491a825f0804e09c671c, type: 3}
  m_Name: 
  m_EditorClassIdentifier: 
  m_Material: {fileID: 0}
  m_Color: {r: 1, g: 1, b: 1, a: 1}
  m_RaycastTarget: 0
  m_OnCullStateChanged:
    m_PersistentCalls:
      m_Calls: []
    m_TypeName: UnityEngine.UI.MaskableGraphic+CullStateChangedEvent, UnityEngine.UI,
      Version=1.0.0.0, Culture=neutral, PublicKeyToken=null
  m_FontData:
    m_Font: {fileID: 10102, guid: 0000000000000000e000000000000000, type: 0}
    m_FontSize: 8
    m_FontStyle: 0
    m_BestFit: 0
    m_MinSize: 0
    m_MaxSize: 40
    m_Alignment: 3
    m_AlignByGeometry: 0
    m_RichText: 1
    m_HorizontalOverflow: 0
    m_VerticalOverflow: 0
    m_LineSpacing: 1
  m_Text: Internet Explorer
--- !u!1 &1892558943778005165
GameObject:
  m_ObjectHideFlags: 0
  m_CorrespondingSourceObject: {fileID: 0}
  m_PrefabInstance: {fileID: 0}
  m_PrefabAsset: {fileID: 0}
  serializedVersion: 6
  m_Component:
  - component: {fileID: 2142015909482711783}
  - component: {fileID: 7851259437835298535}
  - component: {fileID: 3832663350276332465}
  m_Layer: 5
  m_Name: Content
  m_TagString: Untagged
  m_Icon: {fileID: 0}
  m_NavMeshLayer: 0
  m_StaticEditorFlags: 0
  m_IsActive: 1
--- !u!224 &2142015909482711783
RectTransform:
  m_ObjectHideFlags: 0
  m_CorrespondingSourceObject: {fileID: 0}
  m_PrefabInstance: {fileID: 0}
  m_PrefabAsset: {fileID: 0}
  m_GameObject: {fileID: 1892558943778005165}
  m_LocalRotation: {x: 0, y: 0, z: 0, w: 1}
  m_LocalPosition: {x: 0, y: 0, z: 0}
  m_LocalScale: {x: 1, y: 1, z: 1}
  m_Children: []
  m_Father: {fileID: 5514891804009495759}
  m_RootOrder: 2
  m_LocalEulerAnglesHint: {x: 0, y: 0, z: 0}
  m_AnchorMin: {x: 0, y: 0}
  m_AnchorMax: {x: 1, y: 1}
  m_AnchoredPosition: {x: 0, y: -8}
  m_SizeDelta: {x: -8, y: -48}
  m_Pivot: {x: 0.5, y: 0.5}
--- !u!222 &7851259437835298535
CanvasRenderer:
  m_ObjectHideFlags: 0
  m_CorrespondingSourceObject: {fileID: 0}
  m_PrefabInstance: {fileID: 0}
  m_PrefabAsset: {fileID: 0}
  m_GameObject: {fileID: 1892558943778005165}
  m_CullTransparentMesh: 0
--- !u!114 &3832663350276332465
MonoBehaviour:
  m_ObjectHideFlags: 0
  m_CorrespondingSourceObject: {fileID: 0}
  m_PrefabInstance: {fileID: 0}
  m_PrefabAsset: {fileID: 0}
  m_GameObject: {fileID: 1892558943778005165}
  m_Enabled: 1
  m_EditorHideFlags: 0
  m_Script: {fileID: -765806418, guid: f70555f144d8491a825f0804e09c671c, type: 3}
  m_Name: 
  m_EditorClassIdentifier: 
  m_Material: {fileID: 0}
  m_Color: {r: 1, g: 1, b: 1, a: 0}
  m_RaycastTarget: 1
  m_OnCullStateChanged:
    m_PersistentCalls:
      m_Calls: []
    m_TypeName: UnityEngine.UI.MaskableGraphic+CullStateChangedEvent, UnityEngine.UI,
      Version=1.0.0.0, Culture=neutral, PublicKeyToken=null
  m_Sprite: {fileID: 0}
  m_Type: 0
  m_PreserveAspect: 0
  m_FillCenter: 1
  m_FillMethod: 4
  m_FillAmount: 1
  m_FillClockwise: 1
  m_FillOrigin: 0
  m_UseSpriteMesh: 0
--- !u!1 &3474587373340268716
GameObject:
  m_ObjectHideFlags: 0
  m_CorrespondingSourceObject: {fileID: 0}
  m_PrefabInstance: {fileID: 0}
  m_PrefabAsset: {fileID: 0}
  serializedVersion: 6
  m_Component:
  - component: {fileID: 3507071909624709264}
  - component: {fileID: 9192209426621983459}
  - component: {fileID: 752585369310020537}
  m_Layer: 5
  m_Name: WindowTitle
  m_TagString: Untagged
  m_Icon: {fileID: 0}
  m_NavMeshLayer: 0
  m_StaticEditorFlags: 0
  m_IsActive: 1
--- !u!224 &3507071909624709264
RectTransform:
  m_ObjectHideFlags: 0
  m_CorrespondingSourceObject: {fileID: 0}
  m_PrefabInstance: {fileID: 0}
  m_PrefabAsset: {fileID: 0}
  m_GameObject: {fileID: 3474587373340268716}
  m_LocalRotation: {x: 0, y: 0, z: 0, w: 1}
  m_LocalPosition: {x: 0, y: 0, z: 0}
  m_LocalScale: {x: 1, y: 1, z: 1}
  m_Children:
  - {fileID: 244523433774473114}
  - {fileID: 3248915727611192801}
  m_Father: {fileID: 2830511855983502177}
  m_RootOrder: 0
  m_LocalEulerAnglesHint: {x: 0, y: 0, z: 0}
  m_AnchorMin: {x: 0, y: 1}
  m_AnchorMax: {x: 1, y: 1}
  m_AnchoredPosition: {x: 0, y: -2}
  m_SizeDelta: {x: -4, y: 12}
  m_Pivot: {x: 0.5, y: 1}
--- !u!222 &9192209426621983459
CanvasRenderer:
  m_ObjectHideFlags: 0
  m_CorrespondingSourceObject: {fileID: 0}
  m_PrefabInstance: {fileID: 0}
  m_PrefabAsset: {fileID: 0}
  m_GameObject: {fileID: 3474587373340268716}
  m_CullTransparentMesh: 0
--- !u!114 &752585369310020537
MonoBehaviour:
  m_ObjectHideFlags: 0
  m_CorrespondingSourceObject: {fileID: 0}
  m_PrefabInstance: {fileID: 0}
  m_PrefabAsset: {fileID: 0}
  m_GameObject: {fileID: 3474587373340268716}
  m_Enabled: 1
  m_EditorHideFlags: 0
  m_Script: {fileID: -765806418, guid: f70555f144d8491a825f0804e09c671c, type: 3}
  m_Name: 
  m_EditorClassIdentifier: 
  m_Material: {fileID: 0}
  m_Color: {r: 0.573, g: 0.573, b: 0.573, a: 0}
  m_RaycastTarget: 1
  m_OnCullStateChanged:
    m_PersistentCalls:
      m_Calls: []
    m_TypeName: UnityEngine.UI.MaskableGraphic+CullStateChangedEvent, UnityEngine.UI,
      Version=1.0.0.0, Culture=neutral, PublicKeyToken=null
  m_Sprite: {fileID: 0}
  m_Type: 0
  m_PreserveAspect: 0
  m_FillCenter: 1
  m_FillMethod: 4
  m_FillAmount: 1
  m_FillClockwise: 1
  m_FillOrigin: 0
  m_UseSpriteMesh: 0
--- !u!1 &5084194826137481816
GameObject:
  m_ObjectHideFlags: 0
  m_CorrespondingSourceObject: {fileID: 0}
  m_PrefabInstance: {fileID: 0}
  m_PrefabAsset: {fileID: 0}
  serializedVersion: 6
  m_Component:
  - component: {fileID: 5514891804009495759}
  - component: {fileID: 6597005036707603323}
  - component: {fileID: 7516089972653640000}
  - component: {fileID: 2669975889905450710}
  m_Layer: 5
  m_Name: Window
  m_TagString: Untagged
  m_Icon: {fileID: 0}
  m_NavMeshLayer: 0
  m_StaticEditorFlags: 0
  m_IsActive: 1
--- !u!224 &5514891804009495759
RectTransform:
  m_ObjectHideFlags: 0
  m_CorrespondingSourceObject: {fileID: 0}
  m_PrefabInstance: {fileID: 0}
  m_PrefabAsset: {fileID: 0}
  m_GameObject: {fileID: 5084194826137481816}
  m_LocalRotation: {x: 0, y: 0, z: 0, w: 1}
  m_LocalPosition: {x: 0, y: 0, z: 0}
  m_LocalScale: {x: 1, y: 1, z: 1}
  m_Children:
  - {fileID: 1836660123522872001}
  - {fileID: 2830511855983502177}
  - {fileID: 2142015909482711783}
  m_Father: {fileID: 0}
  m_RootOrder: 0
  m_LocalEulerAnglesHint: {x: 0, y: 0, z: 0}
  m_AnchorMin: {x: 0.5, y: 0.5}
  m_AnchorMax: {x: 0.5, y: 0.5}
  m_AnchoredPosition: {x: -100, y: 100}
  m_SizeDelta: {x: 256, y: 256}
  m_Pivot: {x: 0, y: 1}
--- !u!222 &6597005036707603323
CanvasRenderer:
  m_ObjectHideFlags: 0
  m_CorrespondingSourceObject: {fileID: 0}
  m_PrefabInstance: {fileID: 0}
  m_PrefabAsset: {fileID: 0}
  m_GameObject: {fileID: 5084194826137481816}
  m_CullTransparentMesh: 0
--- !u!114 &7516089972653640000
MonoBehaviour:
  m_ObjectHideFlags: 0
  m_CorrespondingSourceObject: {fileID: 0}
  m_PrefabInstance: {fileID: 0}
  m_PrefabAsset: {fileID: 0}
  m_GameObject: {fileID: 5084194826137481816}
  m_Enabled: 1
  m_EditorHideFlags: 0
  m_Script: {fileID: -765806418, guid: f70555f144d8491a825f0804e09c671c, type: 3}
  m_Name: 
  m_EditorClassIdentifier: 
  m_Material: {fileID: 0}
  m_Color: {r: 1, g: 0.9858491, b: 0.9858491, a: 1}
  m_RaycastTarget: 1
  m_OnCullStateChanged:
    m_PersistentCalls:
      m_Calls: []
    m_TypeName: UnityEngine.UI.MaskableGraphic+CullStateChangedEvent, UnityEngine.UI,
      Version=1.0.0.0, Culture=neutral, PublicKeyToken=null
  m_Sprite: {fileID: 21300000, guid: 80a6837e4e871314093c47750641f72b, type: 3}
  m_Type: 1
  m_PreserveAspect: 0
  m_FillCenter: 1
  m_FillMethod: 4
  m_FillAmount: 1
  m_FillClockwise: 1
  m_FillOrigin: 0
  m_UseSpriteMesh: 0
--- !u!114 &2669975889905450710
MonoBehaviour:
  m_ObjectHideFlags: 0
  m_CorrespondingSourceObject: {fileID: 0}
  m_PrefabInstance: {fileID: 0}
  m_PrefabAsset: {fileID: 0}
  m_GameObject: {fileID: 5084194826137481816}
  m_Enabled: 1
  m_EditorHideFlags: 0
  m_Script: {fileID: 11500000, guid: c9d07e1b785612844be8deee48986d61, type: 3}
  m_Name: 
  m_EditorClassIdentifier: 
  _dragAndDropListener: {fileID: 752585369310020537}
  _closeWindowButton: {fileID: 3079224344444230417}
  _resizeHandle: {fileID: 2826566709332371557}
--- !u!222 &8010208956193192095
CanvasRenderer:
  m_ObjectHideFlags: 0
  m_CorrespondingSourceObject: {fileID: 0}
  m_PrefabInstance: {fileID: 0}
  m_PrefabAsset: {fileID: 0}
  m_GameObject: {fileID: 6251538036964980631}
  m_CullTransparentMesh: 0
--- !u!114 &7577017560371708325
MonoBehaviour:
  m_ObjectHideFlags: 0
  m_CorrespondingSourceObject: {fileID: 0}
  m_PrefabInstance: {fileID: 0}
  m_PrefabAsset: {fileID: 0}
  m_GameObject: {fileID: 6251538036964980631}
  m_Enabled: 1
  m_EditorHideFlags: 0
  m_Script: {fileID: -765806418, guid: f70555f144d8491a825f0804e09c671c, type: 3}
  m_Name: 
  m_EditorClassIdentifier: 
  m_Material: {fileID: 0}
  m_Color: {r: 0.75294125, g: 0.7686275, b: 0.7725491, a: 1}
  m_RaycastTarget: 1
  m_OnCullStateChanged:
    m_PersistentCalls:
      m_Calls: []
    m_TypeName: UnityEngine.UI.MaskableGraphic+CullStateChangedEvent, UnityEngine.UI,
      Version=1.0.0.0, Culture=neutral, PublicKeyToken=null
  m_Sprite: {fileID: 0}
  m_Type: 0
  m_PreserveAspect: 0
  m_FillCenter: 1
  m_FillMethod: 4
  m_FillAmount: 1
  m_FillClockwise: 1
  m_FillOrigin: 0
  m_UseSpriteMesh: 0
--- !u!1 &6587129250757231767
GameObject:
  m_ObjectHideFlags: 0
  m_CorrespondingSourceObject: {fileID: 0}
  m_PrefabInstance: {fileID: 0}
  m_PrefabAsset: {fileID: 0}
  serializedVersion: 6
  m_Component:
  - component: {fileID: 1836660123522872001}
  - component: {fileID: 9205380711671451521}
  - component: {fileID: 1408808517150669061}
  m_Layer: 5
  m_Name: Widget-Bar
  m_TagString: Untagged
  m_Icon: {fileID: 0}
  m_NavMeshLayer: 0
  m_StaticEditorFlags: 0
  m_IsActive: 1
--- !u!224 &1836660123522872001
RectTransform:
  m_ObjectHideFlags: 0
  m_CorrespondingSourceObject: {fileID: 0}
  m_PrefabInstance: {fileID: 0}
  m_PrefabAsset: {fileID: 0}
  m_GameObject: {fileID: 6587129250757231767}
  m_LocalRotation: {x: -0, y: -0, z: -0, w: 1}
  m_LocalPosition: {x: 0, y: 0, z: 0}
  m_LocalScale: {x: 1, y: 1, z: 1}
  m_Children:
  - {fileID: 2178318958029243317}
  m_Father: {fileID: 5514891804009495759}
  m_RootOrder: 0
  m_LocalEulerAnglesHint: {x: 0, y: 0, z: 0}
  m_AnchorMin: {x: 0, y: 0}
  m_AnchorMax: {x: 1, y: 0}
  m_AnchoredPosition: {x: 0, y: 0}
  m_SizeDelta: {x: 0, y: 16}
  m_Pivot: {x: 0.5, y: 0}
--- !u!222 &9205380711671451521
CanvasRenderer:
  m_ObjectHideFlags: 0
  m_CorrespondingSourceObject: {fileID: 0}
  m_PrefabInstance: {fileID: 0}
  m_PrefabAsset: {fileID: 0}
  m_GameObject: {fileID: 6587129250757231767}
  m_CullTransparentMesh: 1
--- !u!114 &1408808517150669061
MonoBehaviour:
  m_ObjectHideFlags: 0
  m_CorrespondingSourceObject: {fileID: 0}
  m_PrefabInstance: {fileID: 0}
  m_PrefabAsset: {fileID: 0}
  m_GameObject: {fileID: 6587129250757231767}
  m_Enabled: 1
  m_EditorHideFlags: 0
  m_Script: {fileID: -765806418, guid: f70555f144d8491a825f0804e09c671c, type: 3}
  m_Name: 
  m_EditorClassIdentifier: 
  m_Material: {fileID: 0}
  m_Color: {r: 0.735849, g: 0.735849, b: 0.735849, a: 0}
  m_RaycastTarget: 0
  m_OnCullStateChanged:
    m_PersistentCalls:
      m_Calls: []
    m_TypeName: UnityEngine.UI.MaskableGraphic+CullStateChangedEvent, UnityEngine.UI,
      Version=1.0.0.0, Culture=neutral, PublicKeyToken=null
  m_Sprite: {fileID: 0}
  m_Type: 0
  m_PreserveAspect: 0
  m_FillCenter: 1
  m_FillMethod: 4
  m_FillAmount: 1
  m_FillClockwise: 1
  m_FillOrigin: 0
  m_UseSpriteMesh: 0
--- !u!1 &8569209079224979178
GameObject:
  m_ObjectHideFlags: 0
  m_CorrespondingSourceObject: {fileID: 0}
  m_PrefabInstance: {fileID: 0}
  m_PrefabAsset: {fileID: 0}
  serializedVersion: 6
  m_Component:
  - component: {fileID: 2178318958029243317}
  - component: {fileID: 8315958212116047128}
  - component: {fileID: 2826566709332371557}
  m_Layer: 5
  m_Name: ResizeHandle
  m_TagString: Untagged
  m_Icon: {fileID: 0}
  m_NavMeshLayer: 0
  m_StaticEditorFlags: 0
  m_IsActive: 1
--- !u!224 &2178318958029243317
RectTransform:
  m_ObjectHideFlags: 0
  m_CorrespondingSourceObject: {fileID: 0}
  m_PrefabInstance: {fileID: 0}
  m_PrefabAsset: {fileID: 0}
  m_GameObject: {fileID: 8569209079224979178}
  m_LocalRotation: {x: 0, y: 0, z: 0, w: 1}
  m_LocalPosition: {x: 0, y: 0, z: 0}
  m_LocalScale: {x: 1, y: 1, z: 1}
  m_Children: []
  m_Father: {fileID: 1836660123522872001}
  m_RootOrder: 0
  m_LocalEulerAnglesHint: {x: 0, y: 0, z: 0}
  m_AnchorMin: {x: 1, y: 0}
  m_AnchorMax: {x: 1, y: 1}
  m_AnchoredPosition: {x: -1, y: 0.5}
  m_SizeDelta: {x: 10.6, y: -1}
  m_Pivot: {x: 1, y: 0.5}
--- !u!222 &8315958212116047128
CanvasRenderer:
  m_ObjectHideFlags: 0
  m_CorrespondingSourceObject: {fileID: 0}
  m_PrefabInstance: {fileID: 0}
  m_PrefabAsset: {fileID: 0}
  m_GameObject: {fileID: 8569209079224979178}
  m_CullTransparentMesh: 0
--- !u!114 &2826566709332371557
MonoBehaviour:
  m_ObjectHideFlags: 0
  m_CorrespondingSourceObject: {fileID: 0}
  m_PrefabInstance: {fileID: 0}
  m_PrefabAsset: {fileID: 0}
  m_GameObject: {fileID: 8569209079224979178}
  m_Enabled: 1
  m_EditorHideFlags: 0
  m_Script: {fileID: -765806418, guid: f70555f144d8491a825f0804e09c671c, type: 3}
  m_Name: 
  m_EditorClassIdentifier: 
  m_Material: {fileID: 0}
  m_Color: {r: 1, g: 0, b: 0, a: 0}
  m_RaycastTarget: 1
  m_OnCullStateChanged:
    m_PersistentCalls:
      m_Calls: []
    m_TypeName: UnityEngine.UI.MaskableGraphic+CullStateChangedEvent, UnityEngine.UI,
      Version=1.0.0.0, Culture=neutral, PublicKeyToken=null
  m_Sprite: {fileID: 0}
  m_Type: 0
  m_PreserveAspect: 0
  m_FillCenter: 1
  m_FillMethod: 4
  m_FillAmount: 1
  m_FillClockwise: 1
  m_FillOrigin: 0
  m_UseSpriteMesh: 0
--- !u!1 &8919792520699767593
GameObject:
  m_ObjectHideFlags: 0
  m_CorrespondingSourceObject: {fileID: 0}
  m_PrefabInstance: {fileID: 0}
  m_PrefabAsset: {fileID: 0}
  serializedVersion: 6
  m_Component:
  - component: {fileID: 2830511855983502177}
  - component: {fileID: 8958948103149197525}
  - component: {fileID: 5295422550735247909}
  m_Layer: 5
  m_Name: HeadBar
  m_TagString: Untagged
  m_Icon: {fileID: 0}
  m_NavMeshLayer: 0
  m_StaticEditorFlags: 0
  m_IsActive: 1
--- !u!224 &2830511855983502177
RectTransform:
  m_ObjectHideFlags: 0
  m_CorrespondingSourceObject: {fileID: 0}
  m_PrefabInstance: {fileID: 0}
  m_PrefabAsset: {fileID: 0}
  m_GameObject: {fileID: 8919792520699767593}
  m_LocalRotation: {x: 0, y: 0, z: 0, w: 1}
  m_LocalPosition: {x: 0, y: 0, z: 0}
  m_LocalScale: {x: 1, y: 1, z: 1}
  m_Children:
  - {fileID: 3507071909624709264}
  - {fileID: 6488287446241542252}
  m_Father: {fileID: 5514891804009495759}
  m_RootOrder: 1
  m_LocalEulerAnglesHint: {x: 0, y: 0, z: 0}
  m_AnchorMin: {x: 0, y: 1}
  m_AnchorMax: {x: 1, y: 1}
  m_AnchoredPosition: {x: 0, y: 0}
  m_SizeDelta: {x: 0, y: 30}
  m_Pivot: {x: 0.5, y: 1}
--- !u!222 &8958948103149197525
CanvasRenderer:
  m_ObjectHideFlags: 0
  m_CorrespondingSourceObject: {fileID: 0}
  m_PrefabInstance: {fileID: 0}
  m_PrefabAsset: {fileID: 0}
  m_GameObject: {fileID: 8919792520699767593}
  m_CullTransparentMesh: 0
--- !u!114 &5295422550735247909
MonoBehaviour:
  m_ObjectHideFlags: 0
  m_CorrespondingSourceObject: {fileID: 0}
  m_PrefabInstance: {fileID: 0}
  m_PrefabAsset: {fileID: 0}
  m_GameObject: {fileID: 8919792520699767593}
  m_Enabled: 1
  m_EditorHideFlags: 0
  m_Script: {fileID: -765806418, guid: f70555f144d8491a825f0804e09c671c, type: 3}
  m_Name: 
  m_EditorClassIdentifier: 
  m_Material: {fileID: 0}
  m_Color: {r: 0.75294125, g: 0.7686275, b: 0.7725491, a: 0}
  m_RaycastTarget: 1
  m_OnCullStateChanged:
    m_PersistentCalls:
      m_Calls: []
    m_TypeName: UnityEngine.UI.MaskableGraphic+CullStateChangedEvent, UnityEngine.UI,
      Version=1.0.0.0, Culture=neutral, PublicKeyToken=null
  m_Sprite: {fileID: 0}
  m_Type: 0
  m_PreserveAspect: 0
  m_FillCenter: 1
  m_FillMethod: 4
  m_FillAmount: 1
  m_FillClockwise: 1
  m_FillOrigin: 0
  m_UseSpriteMesh: 0
--- !u!1001 &3492553518394025884
PrefabInstance:
  m_ObjectHideFlags: 0
  serializedVersion: 2
  m_Modification:
    m_TransformParent: {fileID: 6488287446241542252}
    m_Modifications:
    - target: {fileID: 5251307884174737782, guid: caa3534c720cdae4f8183187a63d640b,
        type: 3}
      propertyPath: m_Name
      value: Widget-MenuItem
      objectReference: {fileID: 0}
    - target: {fileID: 5251307884174737782, guid: caa3534c720cdae4f8183187a63d640b,
        type: 3}
      propertyPath: m_IsActive
      value: 0
      objectReference: {fileID: 0}
    - target: {fileID: 6452516644650644120, guid: caa3534c720cdae4f8183187a63d640b,
        type: 3}
      propertyPath: m_LocalPosition.x
      value: 0
      objectReference: {fileID: 0}
    - target: {fileID: 6452516644650644120, guid: caa3534c720cdae4f8183187a63d640b,
        type: 3}
      propertyPath: m_LocalPosition.y
      value: 0
      objectReference: {fileID: 0}
    - target: {fileID: 6452516644650644120, guid: caa3534c720cdae4f8183187a63d640b,
        type: 3}
      propertyPath: m_LocalPosition.z
      value: 0
      objectReference: {fileID: 0}
    - target: {fileID: 6452516644650644120, guid: caa3534c720cdae4f8183187a63d640b,
        type: 3}
      propertyPath: m_LocalRotation.x
      value: -0
      objectReference: {fileID: 0}
    - target: {fileID: 6452516644650644120, guid: caa3534c720cdae4f8183187a63d640b,
        type: 3}
      propertyPath: m_LocalRotation.y
      value: -0
      objectReference: {fileID: 0}
    - target: {fileID: 6452516644650644120, guid: caa3534c720cdae4f8183187a63d640b,
        type: 3}
      propertyPath: m_LocalRotation.z
      value: -0
      objectReference: {fileID: 0}
    - target: {fileID: 6452516644650644120, guid: caa3534c720cdae4f8183187a63d640b,
        type: 3}
      propertyPath: m_LocalRotation.w
      value: 1
      objectReference: {fileID: 0}
    - target: {fileID: 6452516644650644120, guid: caa3534c720cdae4f8183187a63d640b,
        type: 3}
      propertyPath: m_RootOrder
      value: 0
      objectReference: {fileID: 0}
    - target: {fileID: 6452516644650644120, guid: caa3534c720cdae4f8183187a63d640b,
        type: 3}
      propertyPath: m_LocalEulerAnglesHint.x
      value: 0
      objectReference: {fileID: 0}
    - target: {fileID: 6452516644650644120, guid: caa3534c720cdae4f8183187a63d640b,
        type: 3}
      propertyPath: m_LocalEulerAnglesHint.y
      value: 0
      objectReference: {fileID: 0}
    - target: {fileID: 6452516644650644120, guid: caa3534c720cdae4f8183187a63d640b,
        type: 3}
      propertyPath: m_LocalEulerAnglesHint.z
      value: 0
      objectReference: {fileID: 0}
    - target: {fileID: 6452516644650644120, guid: caa3534c720cdae4f8183187a63d640b,
        type: 3}
      propertyPath: m_AnchoredPosition.x
      value: 5
      objectReference: {fileID: 0}
    - target: {fileID: 6452516644650644120, guid: caa3534c720cdae4f8183187a63d640b,
        type: 3}
      propertyPath: m_AnchoredPosition.y
      value: -9
      objectReference: {fileID: 0}
    - target: {fileID: 6452516644650644120, guid: caa3534c720cdae4f8183187a63d640b,
        type: 3}
      propertyPath: m_SizeDelta.x
      value: 14.51
      objectReference: {fileID: 0}
    - target: {fileID: 6452516644650644120, guid: caa3534c720cdae4f8183187a63d640b,
        type: 3}
      propertyPath: m_SizeDelta.y
      value: 14
      objectReference: {fileID: 0}
    - target: {fileID: 6452516644650644120, guid: caa3534c720cdae4f8183187a63d640b,
        type: 3}
      propertyPath: m_AnchorMin.x
      value: 0
      objectReference: {fileID: 0}
    - target: {fileID: 6452516644650644120, guid: caa3534c720cdae4f8183187a63d640b,
        type: 3}
      propertyPath: m_AnchorMin.y
      value: 1
      objectReference: {fileID: 0}
    - target: {fileID: 6452516644650644120, guid: caa3534c720cdae4f8183187a63d640b,
        type: 3}
      propertyPath: m_AnchorMax.x
      value: 0
      objectReference: {fileID: 0}
    - target: {fileID: 6452516644650644120, guid: caa3534c720cdae4f8183187a63d640b,
        type: 3}
      propertyPath: m_AnchorMax.y
      value: 1
      objectReference: {fileID: 0}
    - target: {fileID: 6452516644650644120, guid: caa3534c720cdae4f8183187a63d640b,
        type: 3}
      propertyPath: m_Pivot.x
      value: 0.5
      objectReference: {fileID: 0}
    - target: {fileID: 6452516644650644120, guid: caa3534c720cdae4f8183187a63d640b,
        type: 3}
      propertyPath: m_Pivot.y
      value: 0.5
      objectReference: {fileID: 0}
    - target: {fileID: 6962025019983206452, guid: caa3534c720cdae4f8183187a63d640b,
        type: 3}
      propertyPath: m_AnchoredPosition.x
      value: 7.255
      objectReference: {fileID: 0}
    - target: {fileID: 6962025019983206452, guid: caa3534c720cdae4f8183187a63d640b,
        type: 3}
      propertyPath: m_AnchorMin.y
      value: 1
      objectReference: {fileID: 0}
    - target: {fileID: 6962025019983206452, guid: caa3534c720cdae4f8183187a63d640b,
        type: 3}
      propertyPath: m_AnchorMax.y
      value: 1
      objectReference: {fileID: 0}
    - target: {fileID: 6962025019983206452, guid: caa3534c720cdae4f8183187a63d640b,
        type: 3}
      propertyPath: m_AnchoredPosition.y
      value: -7
      objectReference: {fileID: 0}
    - target: {fileID: 6962025019983206452, guid: caa3534c720cdae4f8183187a63d640b,
        type: 3}
      propertyPath: m_SizeDelta.x
      value: 14.51
      objectReference: {fileID: 0}
    - target: {fileID: 9085516502424957009, guid: caa3534c720cdae4f8183187a63d640b,
        type: 3}
      propertyPath: m_havePropertiesChanged
      value: 1
      objectReference: {fileID: 0}
    - target: {fileID: 9085516502424957009, guid: caa3534c720cdae4f8183187a63d640b,
        type: 3}
      propertyPath: m_isInputParsingRequired
      value: 1
      objectReference: {fileID: 0}
    m_RemovedComponents: []
  m_SourcePrefab: {fileID: 100100000, guid: caa3534c720cdae4f8183187a63d640b, type: 3}
--- !u!1001 &3892220143368313059
PrefabInstance:
  m_ObjectHideFlags: 0
  serializedVersion: 2
  m_Modification:
    m_TransformParent: {fileID: 2830511855983502177}
    m_Modifications:
    - target: {fileID: 6972167203918802804, guid: efb824e92b5294a4cac429b8ff63bc23,
        type: 3}
      propertyPath: m_Name
      value: WidgetMenu
      objectReference: {fileID: 0}
    - target: {fileID: 6972167203918802804, guid: efb824e92b5294a4cac429b8ff63bc23,
        type: 3}
      propertyPath: m_IsActive
      value: 1
      objectReference: {fileID: 0}
    - target: {fileID: 7784743086068603023, guid: efb824e92b5294a4cac429b8ff63bc23,
        type: 3}
      propertyPath: m_LocalPosition.x
      value: 0
      objectReference: {fileID: 0}
    - target: {fileID: 7784743086068603023, guid: efb824e92b5294a4cac429b8ff63bc23,
        type: 3}
      propertyPath: m_LocalPosition.y
      value: 0
      objectReference: {fileID: 0}
    - target: {fileID: 7784743086068603023, guid: efb824e92b5294a4cac429b8ff63bc23,
        type: 3}
      propertyPath: m_LocalPosition.z
      value: 0
      objectReference: {fileID: 0}
    - target: {fileID: 7784743086068603023, guid: efb824e92b5294a4cac429b8ff63bc23,
        type: 3}
      propertyPath: m_LocalRotation.x
      value: 0
      objectReference: {fileID: 0}
    - target: {fileID: 7784743086068603023, guid: efb824e92b5294a4cac429b8ff63bc23,
        type: 3}
      propertyPath: m_LocalRotation.y
      value: 0
      objectReference: {fileID: 0}
    - target: {fileID: 7784743086068603023, guid: efb824e92b5294a4cac429b8ff63bc23,
        type: 3}
      propertyPath: m_LocalRotation.z
      value: 0
      objectReference: {fileID: 0}
    - target: {fileID: 7784743086068603023, guid: efb824e92b5294a4cac429b8ff63bc23,
        type: 3}
      propertyPath: m_LocalRotation.w
      value: 1
      objectReference: {fileID: 0}
    - target: {fileID: 7784743086068603023, guid: efb824e92b5294a4cac429b8ff63bc23,
        type: 3}
      propertyPath: m_RootOrder
      value: 1
      objectReference: {fileID: 0}
    - target: {fileID: 7784743086068603023, guid: efb824e92b5294a4cac429b8ff63bc23,
        type: 3}
      propertyPath: m_LocalEulerAnglesHint.x
      value: 0
      objectReference: {fileID: 0}
    - target: {fileID: 7784743086068603023, guid: efb824e92b5294a4cac429b8ff63bc23,
        type: 3}
      propertyPath: m_LocalEulerAnglesHint.y
      value: 0
      objectReference: {fileID: 0}
    - target: {fileID: 7784743086068603023, guid: efb824e92b5294a4cac429b8ff63bc23,
        type: 3}
      propertyPath: m_LocalEulerAnglesHint.z
      value: 0
      objectReference: {fileID: 0}
    - target: {fileID: 7784743086068603023, guid: efb824e92b5294a4cac429b8ff63bc23,
        type: 3}
      propertyPath: m_AnchoredPosition.x
      value: 0
      objectReference: {fileID: 0}
    - target: {fileID: 7784743086068603023, guid: efb824e92b5294a4cac429b8ff63bc23,
        type: 3}
      propertyPath: m_AnchoredPosition.y
      value: -16
      objectReference: {fileID: 0}
    - target: {fileID: 7784743086068603023, guid: efb824e92b5294a4cac429b8ff63bc23,
        type: 3}
      propertyPath: m_SizeDelta.x
      value: -4
      objectReference: {fileID: 0}
    - target: {fileID: 7784743086068603023, guid: efb824e92b5294a4cac429b8ff63bc23,
        type: 3}
      propertyPath: m_SizeDelta.y
      value: 13.7
      objectReference: {fileID: 0}
    - target: {fileID: 7784743086068603023, guid: efb824e92b5294a4cac429b8ff63bc23,
        type: 3}
      propertyPath: m_AnchorMin.x
      value: 0
      objectReference: {fileID: 0}
    - target: {fileID: 7784743086068603023, guid: efb824e92b5294a4cac429b8ff63bc23,
        type: 3}
      propertyPath: m_AnchorMin.y
      value: 1
      objectReference: {fileID: 0}
    - target: {fileID: 7784743086068603023, guid: efb824e92b5294a4cac429b8ff63bc23,
        type: 3}
      propertyPath: m_AnchorMax.x
      value: 1
      objectReference: {fileID: 0}
    - target: {fileID: 7784743086068603023, guid: efb824e92b5294a4cac429b8ff63bc23,
        type: 3}
      propertyPath: m_AnchorMax.y
      value: 1
      objectReference: {fileID: 0}
    - target: {fileID: 7784743086068603023, guid: efb824e92b5294a4cac429b8ff63bc23,
        type: 3}
      propertyPath: m_Pivot.x
      value: 0.5
      objectReference: {fileID: 0}
    - target: {fileID: 7784743086068603023, guid: efb824e92b5294a4cac429b8ff63bc23,
        type: 3}
      propertyPath: m_Pivot.y
      value: 1
      objectReference: {fileID: 0}
    m_RemovedComponents: []
  m_SourcePrefab: {fileID: 100100000, guid: efb824e92b5294a4cac429b8ff63bc23, type: 3}
--- !u!1 &6251538036964980631 stripped
GameObject:
  m_CorrespondingSourceObject: {fileID: 6972167203918802804, guid: efb824e92b5294a4cac429b8ff63bc23,
    type: 3}
  m_PrefabInstance: {fileID: 3892220143368313059}
  m_PrefabAsset: {fileID: 0}
--- !u!224 &6488287446241542252 stripped
RectTransform:
  m_CorrespondingSourceObject: {fileID: 7784743086068603023, guid: efb824e92b5294a4cac429b8ff63bc23,
    type: 3}
  m_PrefabInstance: {fileID: 3892220143368313059}
  m_PrefabAsset: {fileID: 0}
--- !u!1001 &6858967884298757293
PrefabInstance:
  m_ObjectHideFlags: 0
  serializedVersion: 2
  m_Modification:
    m_TransformParent: {fileID: 3248915727611192801}
    m_Modifications:
    - target: {fileID: 7312700401743515679, guid: 077c8c0a886a67041b0cce266ecd049b,
        type: 3}
      propertyPath: m_Name
      value: CloseButton
      objectReference: {fileID: 0}
    - target: {fileID: 7312700401743515679, guid: 077c8c0a886a67041b0cce266ecd049b,
        type: 3}
      propertyPath: m_IsActive
      value: 1
      objectReference: {fileID: 0}
    - target: {fileID: 8472512013084786620, guid: 077c8c0a886a67041b0cce266ecd049b,
        type: 3}
      propertyPath: m_Colors.m_NormalColor.r
      value: 1
      objectReference: {fileID: 0}
    - target: {fileID: 8472512013084786620, guid: 077c8c0a886a67041b0cce266ecd049b,
        type: 3}
      propertyPath: m_Colors.m_NormalColor.g
      value: 1
      objectReference: {fileID: 0}
    - target: {fileID: 8472512013084786620, guid: 077c8c0a886a67041b0cce266ecd049b,
        type: 3}
      propertyPath: m_Colors.m_NormalColor.b
      value: 1
      objectReference: {fileID: 0}
    - target: {fileID: 8472512013084786620, guid: 077c8c0a886a67041b0cce266ecd049b,
        type: 3}
      propertyPath: m_Colors.m_FadeDuration
      value: 0
      objectReference: {fileID: 0}
    - target: {fileID: 8472512013084786620, guid: 077c8c0a886a67041b0cce266ecd049b,
        type: 3}
      propertyPath: m_Colors.m_NormalColor.a
      value: 0
      objectReference: {fileID: 0}
    - target: {fileID: 8472512013084786620, guid: 077c8c0a886a67041b0cce266ecd049b,
        type: 3}
      propertyPath: m_Colors.m_HighlightedColor.r
      value: 1
      objectReference: {fileID: 0}
    - target: {fileID: 8472512013084786620, guid: 077c8c0a886a67041b0cce266ecd049b,
        type: 3}
      propertyPath: m_Colors.m_HighlightedColor.g
      value: 1
      objectReference: {fileID: 0}
    - target: {fileID: 8472512013084786620, guid: 077c8c0a886a67041b0cce266ecd049b,
        type: 3}
      propertyPath: m_Colors.m_HighlightedColor.b
      value: 1
      objectReference: {fileID: 0}
    - target: {fileID: 8472512013084786620, guid: 077c8c0a886a67041b0cce266ecd049b,
        type: 3}
      propertyPath: m_Colors.m_HighlightedColor.a
      value: 0.5019608
      objectReference: {fileID: 0}
    - target: {fileID: 8472512013084786620, guid: 077c8c0a886a67041b0cce266ecd049b,
        type: 3}
      propertyPath: m_Colors.m_PressedColor.r
      value: 1
      objectReference: {fileID: 0}
    - target: {fileID: 8472512013084786620, guid: 077c8c0a886a67041b0cce266ecd049b,
        type: 3}
      propertyPath: m_Colors.m_PressedColor.g
      value: 1
      objectReference: {fileID: 0}
    - target: {fileID: 8472512013084786620, guid: 077c8c0a886a67041b0cce266ecd049b,
        type: 3}
      propertyPath: m_Colors.m_PressedColor.b
      value: 1
      objectReference: {fileID: 0}
    - target: {fileID: 8472512013084786620, guid: 077c8c0a886a67041b0cce266ecd049b,
        type: 3}
      propertyPath: m_Colors.m_PressedColor.a
      value: 0
      objectReference: {fileID: 0}
    - target: {fileID: 8472512013084786620, guid: 077c8c0a886a67041b0cce266ecd049b,
        type: 3}
      propertyPath: m_Colors.m_DisabledColor.a
      value: 0
      objectReference: {fileID: 0}
    - target: {fileID: 8472512013084786620, guid: 077c8c0a886a67041b0cce266ecd049b,
        type: 3}
      propertyPath: m_Colors.m_DisabledColor.r
      value: 1
      objectReference: {fileID: 0}
    - target: {fileID: 8472512013084786620, guid: 077c8c0a886a67041b0cce266ecd049b,
        type: 3}
      propertyPath: m_Colors.m_DisabledColor.g
      value: 1
      objectReference: {fileID: 0}
    - target: {fileID: 8472512013084786620, guid: 077c8c0a886a67041b0cce266ecd049b,
        type: 3}
      propertyPath: m_Colors.m_DisabledColor.b
      value: 1
      objectReference: {fileID: 0}
    - target: {fileID: 5872154010804008792, guid: 077c8c0a886a67041b0cce266ecd049b,
        type: 3}
      propertyPath: m_Sprite
      value: 
      objectReference: {fileID: 0}
    - target: {fileID: 5872154010804008792, guid: 077c8c0a886a67041b0cce266ecd049b,
        type: 3}
      propertyPath: m_Type
      value: 0
      objectReference: {fileID: 0}
    - target: {fileID: 5872154010804008792, guid: 077c8c0a886a67041b0cce266ecd049b,
        type: 3}
      propertyPath: m_Color.r
      value: 1
      objectReference: {fileID: 0}
    - target: {fileID: 5872154010804008792, guid: 077c8c0a886a67041b0cce266ecd049b,
        type: 3}
      propertyPath: m_Color.g
      value: 1
      objectReference: {fileID: 0}
    - target: {fileID: 5872154010804008792, guid: 077c8c0a886a67041b0cce266ecd049b,
        type: 3}
      propertyPath: m_Color.b
      value: 1
      objectReference: {fileID: 0}
    - target: {fileID: 5872154010804008792, guid: 077c8c0a886a67041b0cce266ecd049b,
        type: 3}
      propertyPath: m_Color.a
      value: 1
      objectReference: {fileID: 0}
    - target: {fileID: 4953615915437854007, guid: 077c8c0a886a67041b0cce266ecd049b,
        type: 3}
      propertyPath: m_LocalPosition.x
      value: 0
      objectReference: {fileID: 0}
    - target: {fileID: 4953615915437854007, guid: 077c8c0a886a67041b0cce266ecd049b,
        type: 3}
      propertyPath: m_LocalPosition.y
      value: 0
      objectReference: {fileID: 0}
    - target: {fileID: 4953615915437854007, guid: 077c8c0a886a67041b0cce266ecd049b,
        type: 3}
      propertyPath: m_LocalPosition.z
      value: 0
      objectReference: {fileID: 0}
    - target: {fileID: 4953615915437854007, guid: 077c8c0a886a67041b0cce266ecd049b,
        type: 3}
      propertyPath: m_LocalRotation.x
      value: -0
      objectReference: {fileID: 0}
    - target: {fileID: 4953615915437854007, guid: 077c8c0a886a67041b0cce266ecd049b,
        type: 3}
      propertyPath: m_LocalRotation.y
      value: -0
      objectReference: {fileID: 0}
    - target: {fileID: 4953615915437854007, guid: 077c8c0a886a67041b0cce266ecd049b,
        type: 3}
      propertyPath: m_LocalRotation.z
      value: -0
      objectReference: {fileID: 0}
    - target: {fileID: 4953615915437854007, guid: 077c8c0a886a67041b0cce266ecd049b,
        type: 3}
      propertyPath: m_LocalRotation.w
      value: 1
      objectReference: {fileID: 0}
    - target: {fileID: 4953615915437854007, guid: 077c8c0a886a67041b0cce266ecd049b,
        type: 3}
      propertyPath: m_RootOrder
      value: 0
      objectReference: {fileID: 0}
    - target: {fileID: 4953615915437854007, guid: 077c8c0a886a67041b0cce266ecd049b,
        type: 3}
      propertyPath: m_LocalEulerAnglesHint.x
      value: 0
      objectReference: {fileID: 0}
    - target: {fileID: 4953615915437854007, guid: 077c8c0a886a67041b0cce266ecd049b,
        type: 3}
      propertyPath: m_LocalEulerAnglesHint.y
      value: 0
      objectReference: {fileID: 0}
    - target: {fileID: 4953615915437854007, guid: 077c8c0a886a67041b0cce266ecd049b,
        type: 3}
      propertyPath: m_LocalEulerAnglesHint.z
      value: 0
      objectReference: {fileID: 0}
    - target: {fileID: 4953615915437854007, guid: 077c8c0a886a67041b0cce266ecd049b,
        type: 3}
      propertyPath: m_AnchoredPosition.x
      value: 0
      objectReference: {fileID: 0}
    - target: {fileID: 4953615915437854007, guid: 077c8c0a886a67041b0cce266ecd049b,
        type: 3}
      propertyPath: m_AnchoredPosition.y
      value: 0
      objectReference: {fileID: 0}
    - target: {fileID: 4953615915437854007, guid: 077c8c0a886a67041b0cce266ecd049b,
        type: 3}
      propertyPath: m_SizeDelta.x
      value: 10
      objectReference: {fileID: 0}
    - target: {fileID: 4953615915437854007, guid: 077c8c0a886a67041b0cce266ecd049b,
        type: 3}
      propertyPath: m_SizeDelta.y
      value: 0
      objectReference: {fileID: 0}
    - target: {fileID: 4953615915437854007, guid: 077c8c0a886a67041b0cce266ecd049b,
        type: 3}
      propertyPath: m_AnchorMin.x
      value: 0
      objectReference: {fileID: 0}
    - target: {fileID: 4953615915437854007, guid: 077c8c0a886a67041b0cce266ecd049b,
        type: 3}
      propertyPath: m_AnchorMin.y
      value: 0
      objectReference: {fileID: 0}
    - target: {fileID: 4953615915437854007, guid: 077c8c0a886a67041b0cce266ecd049b,
        type: 3}
      propertyPath: m_AnchorMax.x
      value: 0
      objectReference: {fileID: 0}
    - target: {fileID: 4953615915437854007, guid: 077c8c0a886a67041b0cce266ecd049b,
        type: 3}
      propertyPath: m_AnchorMax.y
      value: 0
      objectReference: {fileID: 0}
    - target: {fileID: 4953615915437854007, guid: 077c8c0a886a67041b0cce266ecd049b,
        type: 3}
      propertyPath: m_Pivot.x
      value: 0.5
      objectReference: {fileID: 0}
    - target: {fileID: 4953615915437854007, guid: 077c8c0a886a67041b0cce266ecd049b,
        type: 3}
      propertyPath: m_Pivot.y
      value: 0.5
      objectReference: {fileID: 0}
    m_RemovedComponents: []
  m_SourcePrefab: {fileID: 100100000, guid: 077c8c0a886a67041b0cce266ecd049b, type: 3}
--- !u!224 &1986427860349725082 stripped
RectTransform:
  m_CorrespondingSourceObject: {fileID: 4953615915437854007, guid: 077c8c0a886a67041b0cce266ecd049b,
    type: 3}
  m_PrefabInstance: {fileID: 6858967884298757293}
  m_PrefabAsset: {fileID: 0}
--- !u!114 &3079224344444230417 stripped
MonoBehaviour:
  m_CorrespondingSourceObject: {fileID: 8472512013084786620, guid: 077c8c0a886a67041b0cce266ecd049b,
    type: 3}
  m_PrefabInstance: {fileID: 6858967884298757293}
  m_PrefabAsset: {fileID: 0}
  m_GameObject: {fileID: 0}
  m_Enabled: 1
  m_EditorHideFlags: 0
  m_Script: {fileID: 1392445389, guid: f70555f144d8491a825f0804e09c671c, type: 3}
  m_Name: 
  m_EditorClassIdentifier: 
